@book{heiss,
   title =     {Using R for Introductory Econometrics},
   author =    {Heiss, Florian},
   isbn =      {9798648424364},
   year =      {2020},
   edition =   {2},
}

@book{greene,
   title =     {Econometric Analysis Global Edition},
   author =    {Greene, William. H.},
   publisher = {Pearson-prentice Hall},
   isbn =      {1292231130,9781292231136},
   year =      {2019},
   edition =   {8}
}

@book{wooldridge,
   title =     {Econometric Analysis of Cross-Section and Panel Data},
   author =    {Wooldridge, J. M.},
   publisher = {MIT Press},
   year =      {2010},
   edition =   {2}
}

@book{hansen,
   title =     {Econometric},
   author =    {Hansen, B.},
   publisher = {Princeton University Press},
   year =      {2022},
   edition =   {1}
}
